
@article{cosgriff_data_2020,
	title = {Data sharing in the era of {COVID}-19},
	volume = {2},
	issn = {25897500},
	url = {http://dx.doi.org/10.1016/S2589-7500(20)30082-0 https://www.ncbi.nlm.nih.gov/pubmed/32373785 https://www.ncbi.nlm.nih.gov/pmc/articles/PMC7194831 https://linkinghub.elsevier.com/retrieve/pii/S2589-7500(20)30082-0 https://doi.org/10.1016/S2589-7500(20)3008},
	doi = {10.1016/S2589-7500(20)30082-0},
	number = {5},
	journal = {The Lancet Digital Health},
	author = {Cosgriff, Christopher V. and Ebner, Daniel K. and Celi, Leo Anthony},
	year = {2020},
	keywords = {Unsorted, \#nosource},
	pages = {e224},
	file = {Cosgriff et al_2020_Data sharing in the era of COVID-19.pdf:C\:\\Users\\jerem\\Zotero\\storage\\F22SRUPB\\Cosgriff et al_2020_Data sharing in the era of COVID-19.pdf:application/pdf}
}
